@BOOK{Con97,
  AUTHOR =       "Stefan Conrad",
  TITLE =        "{FÃ¶derierte Datenbanksysteme: Konzepte der Datenintegration}",
  PUBLISHER =    "Springer Verlag",
  YEAR =         "1997",
  address =      "Berlin",
  isbn = {9783642590283},
  doi = {10.1007/978-3-642-59028-3}
}
@BOOK{PeHe97,
  AUTHOR =       "David A. Patterson and John L. Hennessy",
  TITLE =        "{Computer Organization and Design}",
  PUBLISHER =    "Morgan Kaufmann Publishers",
  YEAR =         "2004",
  address =      "San Francisco"
}
@InProceedings{IWNLP,
  author    = {Liebeck, Matthias  and  Conrad, Stefan},
  title     = {{IWNLP: Inverse Wiktionary for Natural Language Processing}},
  booktitle = {Proceedings of the 53rd Annual Meeting of the Association for Computational Linguistics and the 7th International Joint Conference on Natural Language Processing (Volume 2: Short Papers)},
  month     = {July},
  year      = {2015},
  address   = {Beijing, China},
  publisher = {Association for Computational Linguistics},
  pages     = {414--418},
  url       = {http://www.aclweb.org/anthology/P15-2068}
}
@InProceedings{liebeck-esau-conrad:2016:ArgMining2016,
  author    = {Liebeck, Matthias  and  Esau, Katharina  and  Conrad, Stefan},
  title     = {What to Do with an Airport? Mining Arguments in the German Online Participation Project Tempelhofer Feld},
  booktitle = {Proceedings of the Third Workshop on Argument Mining (ArgMining2016)},
  month     = {August},
  year      = {2016},
  address   = {Berlin, Germany},
  publisher = {Association for Computational Linguistics},
  pages     = {144--153},
  url       = {http://www.aclweb.org/anthology/W16-2817}
}
@online{ILSVRC2016,
  title     = {{ILSVRC 2016}},
  author    = {{ILSVRC2016}},
  year      = {2017},
  url       = {http://image-net.org},
  urldate   = {2017-07-17}
}
@article{knn,
	author={Qifeng Chen and Dingzeyu Li and Chi-Keung Tang},
	journal={Pattern Analysis and Machine Intelligence, IEEE Transactions on},
	title={KNN matting},
	year={2013},
	month={Sept},
	volume={35},
	number={9},
	pages={2175-2188},
	doi={10.1109/TPAMI.2013.18}
}
@book{mse,
	title={Mathematical Statistics: Basic Ideas and Selected Topics},
	author={Bickel, P.J. and Doksum, K.A.},
	number={v. 1},
	isbn={9780138503635},
	lccn={00031377},
	series={Mathematical Statistics: Basic Ideas and Selected Topics},
	edition={Second Edition},
	url={https://books.google.com/books?id=8poZAQAAIAAJ},
	year={2001},
	publisher={Prentice Hall}
}

@ARTICLE{cf,
	author={Levin, Anat and Lischinski, Dani and Weiss, Yair},
	journal={IEEE Transactions on Pattern Analysis and Machine Intelligence}, 
	title={A Closed-Form Solution to Natural Image Matting}, 
	year={2008},
	volume={30},
	number={2},
	pages={228-242},
	keywords={Closed-form solution;Cost function;Image color analysis;Sparse matrices;Computer vision;Pixel;Iterative methods;Linear systems;Equations;Image analysis;Matting;Interactive Image Editing;Spectral Segmentation;Matting;Interactive Image Editing;Spectral Segmentation},
	doi={10.1109/TPAMI.2007.1177}}
	
@article{lnclm,
	title={Local and nonlocal color line models for image matting},
	author={Kim, Byoung-Kwang and Jin, Meiguang and Song, Woo-Jin},
	journal={IEICE Transactions on Fundamentals of Electronics, Communications and Computer Sciences},
	volume={97},
	number={8},
	pages={1814-1819},
	year={2014},
	publisher={The Institute of Electronics, Information and Communication Engineers}
}
@article{knearestneighbour,
	author = {Zhang, Zhongheng},
	year = {2016},
	month = {06},
	title = {Introduction to machine learning: K-nearest neighbors},
	volume = {4},
	number={11},
	journal = {Annals of Translational Medicine},
	doi = {10.21037/atm.2016.03.37}
}
@inproceedings{benchmark,
	author = {Rhemann, Christoph and Rother, Carsten and Wang, Jue and Gelautz, Margrit and Kohli, Pushmeet and Rott, Pamela},
	year = {2009},
	month = {06},
	pages = {1826-1833},
	title = {A perceptually motivated online benchmark for image matting},
	journal = {2009 IEEE Computer Society Conference on Computer Vision and Pattern Recognition Workshops, CVPR Workshops 2009},
	doi = {10.1109/CVPRW.2009.5206503}
}
	